<?xml version="1.0" encoding="UTF-8"?><record xmlns="http://www.loc.gov/MARC21/slim" xmlns:cinclude="http://apache.org/cocoon/include/1.0" xmlns:zs="http://www.loc.gov/zing/srw/">
  <leader>00471cz  a2200133n  4500</leader>
  <controlfield tag="001">no 94009415 </controlfield>
  <controlfield tag="003">DLC</controlfield>
  <controlfield tag="005">20021209192033.0</controlfield>
  <controlfield tag="008">940322n| acannaab           |n aaa     c</controlfield>
  <datafield tag="010" ind1=" " ind2=" ">
    <subfield code="a">no 94009415 </subfield>
  </datafield>
  <datafield tag="040" ind1=" " ind2=" ">
    <subfield code="a">InU</subfield>
    <subfield code="c">InU</subfield>
    <subfield code="d">DLC</subfield>
  </datafield>
  <datafield tag="100" ind1="1" ind2=" ">
    <subfield code="a">Weinauer, Ellen M.</subfield>
  </datafield>
  <datafield tag="670" ind1=" " ind2=" ">
    <subfield code="a">Property writes, 1993:</subfield>
    <subfield code="b">t.p. (Ellen M. Weinauer)</subfield>
  </datafield>
  <datafield tag="670" ind1=" " ind2=" ">
    <subfield code="a">American culture, canons, and the case of Elizabeth Stoddard, c2003:</subfield>
    <subfield code="b">ECIP t.p. (Ellen Weinauer) data view (Ellen Mary Weinauer; b. June 12, 1963)</subfield>
  </datafield>
</record>